@Article{GGN4R2022,
  author="Shiwen Wu and Fei Sun and Wentao Zhang and Xu Xie and Bin Cui",
  title="Graph Neural Networks in Recommender Systems: A Survey",
  journal="ACM Comput. Surv.",
  volume="55",
  pages="1--37",
  number="5",
  year="2022",
  month="April",
  url="https://dl.acm.org/doi/10.1145/3535101"
}


@Article{Dor2018,
  author="Liat Ein Dor and Yosi Mass and Alon Halfon and Elad Venezian and Ilya Shnayderman and Ranit Aharonov and Noam Slonim",
  title="Learning Thematic Similarity Metric from Article Sections Using Triplet Networks",
  journal="Proceedings of the 56th Annual Meeting of the As- sociation for Computational Linguistics",
  volume="2",
  pages="49--54",
  year="2018",
  note            = "\url{https://research.ibm.com/haifa/dept/vst/debating_data.shtml}",
}


@Article{Bowman2015,
  author="Samuel R. Bowman and Gabor Angeli and Christopher Potts and Christopher D. Manning",
  year="2015",
  title="A large anno-tated corpus for learning natural language inference",
  journal="Proceedings of the 2015 Conference on Empirical Methods in Natural Language Processing", 
  pages="632--642",
  note            = "\url{https://nlp.stanford.edu/projects/snli/}",
}


@article{Williams2018,
  author          = "Adina Williams and Nikita Nangia and Samuel Bowman",
  journal         = "Proceedings of the 2018 Conference of the North American Chapter of the Association for Computational Linguistics: Human Language Technologies",
  title           = "A Broad-Coverage Challenge Corpus for Sentence Understanding through Inference",
  volume          = "1",
  year            = "2018",
  pages           = "1112--1122",
  note            = "\url{https://cims.nyu.edu/~sbowman/multinli/}", 
}

@article{Misra2016,
  author          = "Amita Misra and Brian Ecker and Marilyn A. Walker",
  journal         = "Proceedings of the SIGDIAL 2016 Conference, The 17th Annual Meeting of the Special Interest Group on Discourse and Dialogue",
  title           = "Measuring the Similarity of Sentential Arguments in Dialogue",
  year            = "2016",
  pages           = "276--287",
  note            = "\url{https://nlds.soe.ucsc.edu/node/44}",
}

@article{Cer2017,
  author          = "Daniel Cer and Mona Diab and Eneko Agirre and Iigo Lopez-Gazpio and Lucia Specia",
  journal         = "Proceedings of the 11th International Workshop on Semantic Evaluation",
  title           = "SemEval-2017 Task 1: Semantic Textual Similarity Multilingual and Crosslingual Focused Evaluation",
  year            = "2017",
  pages           = "1--14",
  note            = "\url{https://github.com/brmson/dataset-sts}",
}

@article{Arora2017,
  author          = "Sanjeev Arora and Yingyu Liang and Tengyu Ma",
  journal         = "5th International Conference on Learning Representations, ICLR 2017",
  title           = "A Simple but Tough-to-Beat Baseline for Sentence Embeddings",
  year            = "2017",
  url             = "https://openreview.net/pdf?id=SyK00v5xx",
}

@inproceedings{Reimers2019,
  title = "Sentence-BERT: Sentence Embeddings using Siamese BERT-Networks",
  author = "Reimers, Nils and Gurevych, Iryna",
  booktitle = "Proceedings of the 2019 Conference on Empirical Methods in Natural Language Processing",
  month = "11",
  year = "2019",
  publisher = "Association for Computational Linguistics",
  url = "https://arxiv.org/abs/1908.10084",
}

@inproceedings{Conneau2018,
  author          = "Alexis Conneau and Douwe Kiela",
  title           = "SentEval: An Evaluation Toolkit for Universal Sentence Representations",
  booktitle       = "Proceedings of the Eleventh International Conference on Language Resources and Evaluation (LREC 2018)",
  month           = "5",
  year            = "2018",
  note            = "\url{https://github.com/facebookresearch/SentEval}",
  url             = "https://aclanthology.org/L18-1269/",
}

@inproceedings{ColBERT,
  author          = "Omar Khattab and Matei Zaharia",
  booktitle       = "SIGIR '20: Proceedings of the 43rd International ACM SIGIR Conference on Research and Development in Information Retrieval",
  title           = "ColBERT: Efficient and Effective Passage Search via Contextualized Late Interaction over BERT",
  month           = "July",
  year            = "2020",
  pages           = "39--48",
  url             = "https://dl.acm.org/doi/10.1145/3397271.3401075",
}

@inproceedings{Malkiel2020,
author = {Malkiel, Itzik and Barkan, Oren and Caciularu, Avi and Razin, Noam and Katz, Ori and Koenigstein, Noam},
year = {2020},
booktitleaddon  = "Findings of the Association for Computational Linguistics: EMNLP 2020",
month = {9},
pages = "1704--1714",
title = {RecoBERT: A Catalog Language Model for Text-Based Recommendations},
url             = {https://aclanthology.org/2020.findings-emnlp.154/},
}

@misc{YanPatterns,
  author       = {Eugene Yan},
  url = {https://eugeneyan.com/writing/patterns-for-personalization/},
  title        = {Patterns for Personalization in Recommendations and Search},
  year         = {2021}
}

@article{Cui2022,
  author          = {Zeyu Cui and Jianxin Ma and Chang Zhou and Jingren Zhou and Hongxia Yang},
  journal         = {},
  number          = {},
  title           = {M6-Rec: Generative Pretrained Language Models are Open-Ended Recommender Systems},
  volume          = {},
  year            = {2022},
  url             = {https://arxiv.org/abs/2205.08084}
}

@article{faiss,
  author          = {Jeff Johnson and Matthijs Douze and Herve Jegou},
  journal         = {arXiv preprint arXiv:1702.08734},
  title           = {Billion-scale similarity search with GPUs},
  year            = {2017},
  note            = {\url{https://github.com/facebookresearch/faiss}},
}

@article{MSMarco,
  author          = {Tri Nguyen and Mir Rosenberg and Xia Song and Jianfeng Gao and Saurabh Tiwary and Rangan Majumder and Li Deng},
  volume          = {MS MARCO: A Human-Generated MAchine Reading COmprehension Dataset},
  year            = {2016},
  url = {https://www.microsoft.com/en-us/research/publication/ms-marco-human-generated-machine-reading-comprehension-dataset/},
}

@article{TREC-CAR,
  author          = {Laura Dietz and Manisha Verma and Filip Radlinski and Nick Craswell},
  journal         = {Proceedings of {Text REtrieval Conference} (TREC)},
  title           = {TREC Complex Answer Retrieval Overview},
  year            = {2017},
  note            = {\url{http://trec-car.cs.unh.edu/}},
}


@article{Nogueira2019,
  author          = {Rodrigo Nogueira and Kyunghyun Cho},
  journal         = {arXiv preprint arXiv:1901.04085},
  title           = {Passage Re-ranking with BERT},
  year            = {2019},
  url             = {https://arxiv.org/abs/1901.04085},
}

@article{okhat2020,
  author = "Omar Khattab",
  title = "Question about query augmentation",
  url          = {https://github.com/stanford-futuredata/ColBERT/issues/16},
}

@article{triplepairs,
  author          = {Olivier Moindrot},
  year            = {2018},
  title      = {Triplet Loss and Online Triplet Mining in TensorFlow},
  url             = {https://omoindrot.github.io/triplet-loss},
}

@inproceedings{deSouza2018,
author = {de Souza Pereira Moreira, Gabriel and Ferreira, Felipe and da Cunha, Adilson Marques},
title = {News Session-Based Recommendations Using Deep Neural Networks},
year = {2018},
isbn = {9781450366175},
publisher = {Association for Computing Machinery},
address = {New York, NY, USA},
url = {https://doi.org/10.1145/3270323.3270328},
booktitle = {Proceedings of the 3rd Workshop on Deep Learning for Recommender Systems},
pages = "15--23",
series = {DLRS 2018}
}


@inproceedings{GloVe,
    title = "{G}lo{V}e: Global Vectors for Word Representation",
    author = "Pennington, Jeffrey  and
      Socher, Richard  and
      Manning, Christopher",
    booktitle = "Proceedings of the 2014 Conference on Empirical Methods in Natural Language Processing ({EMNLP})",
    month = oct,
    year = "2014",
    address = "Doha, Qatar",
    publisher = "Association for Computational Linguistics",
    url = "https://aclanthology.org/D14-1162",
    doi = "10.3115/v1/D14-1162",
    pages = "1532--1543",
}

@inproceedings{word2vec,
  title={Efficient Estimation of Word Representations in Vector Space},
  author={Tomas Mikolov and Kai Chen and Gregory S. Corrado and Jeffrey Dean},
  booktitle={International Conference on Learning Representations},
  year={2013}
}

@inproceedings{Zheng2017,
author = {Zheng, Lei and Noroozi, Vahid and Yu, Philip S.},
title = {Joint Deep Modeling of Users and Items Using Reviews for Recommendation},
year = {2017},
isbn = {9781450346757},
publisher = {Association for Computing Machinery},
address = {New York, NY, USA},
url = {https://doi.org/10.1145/3018661.3018665},
doi = {10.1145/3018661.3018665},
booktitle = {Proceedings of the Tenth ACM International Conference on Web Search and Data Mining},
pages = "425--434",
series = {WSDM '17}
}

@inproceedings{Djuric2015,
author = {Djuric, Nemanja and Wu, Hao and Radosavljevic, Vladan and Grbovic, Mihajlo and Bhamidipati, Narayan},
title = {Hierarchical Neural Language Models for Joint Representation of Streaming Documents and Their Content},
year = {2015},
isbn = {9781450334693},
publisher = {International World Wide Web Conferences Steering Committee},
address = {Republic and Canton of Geneva, CHE},
url = {https://doi.org/10.1145/2736277.2741643},
doi = {10.1145/2736277.2741643},
booktitle = {Proceedings of the 24th International Conference on World Wide Web},
pages = {248â€“255},
series = {WWW '15}
}

@INPROCEEDINGS{FaceNet,
  author={Schroff, Florian and Kalenichenko, Dmitry and Philbin, James},
  booktitle={2015 IEEE Conference on Computer Vision and Pattern Recognition (CVPR)}, 
  title={FaceNet: A unified embedding for face recognition and clustering}, 
  year={2015},
  volume={},
  number={},
  pages={815-823},
  doi={10.1109/CVPR.2015.7298682}
}

@inproceedings{Devlin2019,
  author          = {Jacob Devlin and Ming-Wei Chang and Kenton Lee and Kristina Toutanova},
  booktitle       = {Proceedings of NAACL-HLT 2019},
  editor          = {Association for Computational Linguistics},
  title           = {BERT: Pre-training of Deep Bidirectional Transformers for Language Understanding},
  year            = {2019}
}

@misc{kagglewine,
  author       = {zackthoutt},
  howpublished = {\url{https://www.kaggle.com/datasets/zynicide/wine-reviews}},
  title        = {Wine Reviews},
  year         = {2017}
}

@misc{expertwine,
  note="See the author's github page for this paper, \url{https://github.com/r-papso/recobert}"
}